@INPROCEEDINGS{8942386,  
author={I. {Lasri} and A. R. {Solh} and M. E. {Belkacemi}},  
booktitle={2019 Third International Conference on Intelligent Computing in Data Sciences (ICDS)},   
title={Facial Emotion Recognition of Students using Convolutional Neural Network},   
year={2019},  volume={},  number={},  pages={1-6},  doi={10.1109/ICDS47004.2019.8942386}}

@BOOK{6812816,  
author={C. {Campbell} and Y. {Ying}}, 
 booktitle={Learning with Support Vector Machines},  
year={2010},  volume={},  number={},  pages={},  doi={10.2200/S00324ED1V01Y201102AIM010}}

@INPROCEEDINGS{7017382,  
author={P. {Sarakon} and T. {Charoenpong} and S. {Charoensiriwath}},  
booktitle={The 7th 2014 Biomedical Engineering International Conference},   
title={Face shape classification from 3D human data by using SVM},   
year={2014}, volume={}, number={}, pages={},
doi={10.1109/BMEiCON.2014.7017382}}

@INPROCEEDINGS{7391449,  
author={C. {Ionescu} and C. {Fosalau} and D. {Petrisor} and C. {Zet}}, 
booktitle={2015 E-Health and Bioengineering Conference (EHB)},   
title={A pupil center detection algorithm based on eye color pixels differences},   
year={2015},  volume={},  number={},  pages={1-4},  doi={10.1109/EHB.2015.7391449}}

@INPROCEEDINGS{7938165,  
author={L. {Luo} and S. {Hu} and J. {Cai} and F. {Tang} and Z. {Qiu} and X. {Hu}},  
booktitle={2016 International Conference on Virtual Reality and Visualization (ICVRV)},   
title={Face Classification Based on Natural Features and Decision Tree},   
year={2016},  volume={},  number={},  pages={1-7},  doi={10.1109/ICVRV.2016.10}}

@INPROCEEDINGS{8075668,  
author={S. {Nasr} and K. {Bouallegue} and M. {Shoaib} and H. {Mekki}}, 
booktitle={2017 International Conference on Control, Automation and Diagnosis (ICCAD)},   
title={Face recognition system using bag of features and multi-class SVM for robot applications},   
year={2017},  volume={},  number={},  pages={263-268},  doi={10.1109/CADIAG.2017.8075668}}

@INPROCEEDINGS{8227986,  
author={S. {Kanchanapreechakorn}},  
booktitle={TENCON 2017 - 2017 IEEE Region 10 Conference},   
title={Robust human re-identification using mean shape analysis of face images},   
year={2017},  volume={},  number={},  doi={10.1109/TENCON.2017.8227986}}

@BOOK{8295029,  
author={S. {Khan} and H. {Rahmani} and S. A. A. {Shah} and M. {Bennamoun} and G. {Medioni} and S. {Dickinson}},  
booktitle={A Guide to Convolutional Neural Networks for Computer Vision},  
year={2018},  volume={},  number={},  pages={},  doi={10.2200/S00822ED1V01Y201712COV015}}

@INPROCEEDINGS{8398872,  
author={M. H. {Gauswami} and K. R. {Trivedi}},  
booktitle={2018 2nd International Conference on Inventive Systems and Control (ICISC)},   
title={Implementation of machine learning for gender detection using CNN on raspberry Pi platform},   
year={2018},  volume={},  number={},  pages={608-613},  doi={10.1109/ICISC.2018.8398872}}

@INPROCEEDINGS{8436710,  
author={K. {Kim} and P. {Kim} and K. {Lim} and Y. {Chung} and Y. {Song} and S. I. {Lee} and D. {Choi}},  
booktitle={2018 Tenth International Conference on Ubiquitous and Future Networks (ICUFN)},   
title={Vehicle Color Recognition via Representative Color Region Extraction and Convolutional Neural Network},   
year={2018},  volume={},  number={},  pages={89-94},  doi={10.1109/ICUFN.2018.8436710}}

@ARTICLE{8620951,  
author={J. {Cheng}, Y. {Li}, J. {Wang}, L. {Yu} and S. {Wang}},  
journal={Tsinghua Science and Technology},   
title={Exploiting effective facial patches for robust gender recognition},   
year={2019},  volume={24},  number={3},  pages={333-345},  doi={10.26599/TST.2018.9010090}}

@INPROCEEDINGS{8941829,  
author={Y. {Yang} and Y. {Sun}},  
booktitle={2018 International Computers, Signals and Systems Conference (ICOMSSC)},   
title={Facial Expression Recognition Based on Arousal- Valence Emotion Model and Deep Learning Method},   
year={2018},  volume={},  number={},  pages={119-122},  doi={10.1109/ICOMSSC45026.2018.8941829}}

@INPROCEEDINGS{8942386,  
author={I. {Lasri} and A. R. {Solh} and M. E. {Belkacemi}},  
booktitle={2019 Third International Conference on Intelligent Computing in Data Sciences (ICDS)},   
title={Facial Emotion Recognition of Students using Convolutional Neural Network},   
year={2019},  volume={},  number={},  pages={1-6},  doi={10.1109/ICDS47004.2019.8942386}}

@INPROCEEDINGS{9068910,  
author={T. {Alzahrani} and W. {Al-Nuaimy} and B. {Al-Bander}},  
booktitle={2019 International Conference on Intelligent Systems and Advanced Computing Sciences (ISACS)},   
title={Hybrid Feature Learning and Engineering Based Approach for Face Shape Classification},   
year={2019},  volume={},  number={},  pages={1-4},  doi={10.1109/ISACS48493.2019.9068910}}
